<?xml version="1.0" encoding="UTF-8"?><record xmlns="http://www.loc.gov/MARC21/slim" xmlns:cinclude="http://apache.org/cocoon/include/1.0" xmlns:zs="http://www.loc.gov/zing/srw/">
  <leader>00682nz  a2200169n  4500</leader>
  <controlfield tag="001">nr 92000865 </controlfield>
  <controlfield tag="003">DLC</controlfield>
  <controlfield tag="005">19920115100505.0</controlfield>
  <controlfield tag="008">920107n| acannaab|          |a ana     c</controlfield>
  <datafield tag="010" ind1=" " ind2=" ">
    <subfield code="a">nr 92000865 </subfield>
  </datafield>
  <datafield tag="040" ind1=" " ind2=" ">
    <subfield code="a">MWA</subfield>
    <subfield code="c">MWA</subfield>
  </datafield>
  <datafield tag="110" ind1="2" ind2="0">
    <subfield code="a">Commercial Bank (Albany, N.Y.)</subfield>
  </datafield>
  <datafield tag="410" ind1="2" ind2="0">
    <subfield code="a">Commercial Bank of the City of Albany</subfield>
  </datafield>
  <datafield tag="410" ind1="2" ind2="0">
    <subfield code="a">Commercial Bank of Albany</subfield>
  </datafield>
  <datafield tag="670" ind1=" " ind2=" ">
    <subfield code="a">Its In Assembly, February 4, 1829. Annual report of the Commercial Bank of the city of Albany, 1829.</subfield>
  </datafield>
  <datafield tag="670" ind1=" " ind2=" ">
    <subfield code="a">Peltz, W.L.L. The banks and savings banks of Albany, New York, 1955:</subfield>
    <subfield code="b">p. 11 (Commercial Bank; incorporated, 4/12/1825; began business, 9/5/1826)</subfield>
  </datafield>
  <datafield tag="670" ind1=" " ind2=" ">
    <subfield code="a">NUC pre-1956</subfield>
    <subfield code="b">(Commercial Bank of Albany)</subfield>
  </datafield>
</record>